%% This BibTeX bibliography file was created using BibDesk.
%% http://bibdesk.sourceforge.net/


%% Created for Th√©o Henri at 2014-05-25 00:58:01 +0200 


%% Saved with string encoding Unicode (UTF-8) 



@unpublished{Hen13,
	Author = {Henri, Th{\'e}o},
	Date-Modified = {2014-05-24 22:57:54 +0000},
	Keywords = {Article non publi{\'e}},
	Month = {01},
	Title = {Wikip{\'e}dia, une encyclop{\'e}die en qu{\^e}te de l{\'e}gitimit{\'e}},
	Year = {2014}}

@proceedings{Hen14,
	Author = {Henri, Th{\'e}o},
	Date-Modified = {2014-04-16 22:21:19 +0000},
	Keywords = {Communication},
	Month = {04},
	Title = {{\^E}tre \emph{wikip{\'e}dien}. La participation {\`a} Wikip{\'e}dia comme d{\'e}finition de soi},
	Year = {2014}}
