%% This BibTeX bibliography file was created using BibDesk.
%% http://bibdesk.sourceforge.net/


%% Created for Th√©o Henri at 2014-06-08 01:51:59 +0200 


%% Saved with string encoding Unicode (UTF-8) 



@unpublished{Hen13,
	Author = {Henri, Th{\'e}o},
	Date-Modified = {2014-04-16 22:19:03 +0000},
	Keywords = {Article non publi{\'e}},
	Month = {01},
	Note = {Non publi{\'e} {\`a} ce jour},
	Title = {Wikip{\'e}dia, une encyclop{\'e}die en qu{\^e}te de l{\'e}gitimit{\'e}},
	Year = {2014}}

@proceedings{Hen14,
	Author = {Henri, Th{\'e}o},
	Date-Modified = {2014-06-07 23:51:59 +0000},
	Keywords = {Communication},
	Location = {Universit{\'e} de Poitiers},
	Month = {04},
	Organization = {Journ{\'e}es d'{\'e}tude des master 2 \og{}recherche\fg{} Poitiers-Limoges},
	Title = {{\^E}tre \emph{wikip{\'e}dien}. La participation {\`a} Wikip{\'e}dia comme d{\'e}finition de soi},
	Year = {2014}}
